
@article{liu2018systemized,
	title={A systemized parameter set applicable to microwave absorption for ferrite based materials},
	author={Liu, Ying and Yu, Hong and Drew, Michael GB and Liu, Yue},
	journal={Journal of Materials Science: Materials in Electronics},
	volume={29},
	number={2},
	pages={1562--1575},
	year={2018},
	publisher={Springer}
}

@article{dimitrov1999electronic,
	title={Electronic ion polarizability, optical basicity and metal (or nonmetal) binding energy of simple oxides},
	author={Dimitrov, Vesselin and Komatsu, Takayuki},
	journal={Journal of the Ceramic Society of Japan},
	volume={107},
	number={1250},
	pages={879--886},
	year={1999},
	publisher={The Ceramic Society of Japan}
}
@article{dimitrov1999effect,
	title={Effect of interionic interaction on the electronic polarizability, optical basicity and binding energy of simple oxides},
	author={Dimitrov, Vesselin and Komatsu, Takayuki},
	journal={Journal of the Ceramic Society of Japan},
	volume={107},
	number={1251},
	pages={1012--1018},
	year={1999},
	publisher={The Ceramic Society of Japan}
}
@article{Shukla,
	title={Review of electromagnetic interference shielding materials fabricated by iron ingredients},
	author={Shukla, Vineeta},
	journal={Nanoscale Advances},
	volume={1},
	number={5},
	pages={1640--1671},
	year={2019},
	publisher={Royal Society of Chemistry}
}

@article{YingL2,
	title={A theoretical and practical clarification on the calculation of reflection loss for microwave absorbing materials},
	author={Liu, Ying and Zhao, Kun and Drew, Michael GB and Liu, Yue},
	journal={AIP Advances},
	volume={8},
	number={1},
	pages={015223},
	year={2018},
	publisher={AIP Publishing LLC}
}

@article{Gustaf,
	title={Bandwidth, Q factor, and resonance models of antennas},
	author={Gustafsson, Mats and Nordebo, Sven},
	journal={Progress in Electromagnetics Research},
	volume={62},
	pages={1--20},
	year={2006},
	publisher={EMW Publishing}
}

@article{Cory,
	title={Frequency Response: Resonance, Bandwidth, Q Factor},
	author={Cory, David and Manos, C},
	url={URL https://ocw. mit edu/courses/electrical-engineering-and-computer-science/6-071j-introduction-to-electronics-signals-and-measurement-spring-2006/lecture-notes/resonance $\{$\_$\}$ qfactr. pdf},
	year={2006}
}

@book{Tooley,
	title={Electronic circuits: fundamentals and applications},
	author={Tooley, Mike},
	year={2019},
	publisher={Routledge},
	pages={77--78}
}

@misc{Ian,
	author ={Ian Poole},
	title ={Quality Factor / Q Factor; formulas and equations},
	year={2016},
	note={Accessed on :Dec. 15 2019},
	howpublished ={Online},
	url={https://www.electronics-notes.com/articles/basic_concepts/q-quality-factor/basics-tutorial-formula.php}
}
@book{Adi,
	author = {Adi, Wisnu and Yunasfi, Yunasfi and Mashadi, Mashadi and Winatapura, Didin and Mulyawan, Ade and Sarwanto, Yosef and Gunanto, Yohanes and Taryana, Yana},
	title = {Metamaterial: Smart Magnetic Material for Microwave Absorbing Material},
	year = {2019},
	month = {02},

	doi = {10.5772/intechopen.84471}
}
@article{patil1985susceptibility,
	title={Susceptibility and polarizability of atoms and ions},
	author={Patil, SH},
	journal={The Journal of chemical physics},
	volume={83},
	number={11},
	pages={5764--5771},
	year={1985},
	publisher={American Institute of Physics}
}
@article{shannon,
	title={Empirical electronic polarizabilities in oxides, hydroxides, oxyfluorides, and oxychlorides},
	author={Shannon, Robert D and Fischer, Reinhard X},
	journal={Physical Review B},
	volume={73},
	number={23},
	pages={235111},
	year={2006},
	publisher={APS}
}
@article{Erbium,
	title={Polarizability and optical basicity of Er3+ ions doped tellurite based glasses},
	author={Azlan, MN and Halimah, MK and Shafinas, SZ and Daud, WM},
	journal={Chalcogenide Lett},
	volume={11},
	number={7},
	pages={319--335},
	year={2014}
}
@article{oxidep,
	title={The Estimation of the Oxide Ion Polarizability for B 2 O 3-Li 2 O-Mo Glass System},
	author={Moustafa, El-Sayed and Elkhateb, Farid},
	journal={American Journal of Applied Sciences},
	volume={9},
	number={3},
	pages={446},
	year={2012}
}
@article{Inter,
	title={Interactions involving the polarization of molecules},
	author={Israelachvili, JN},
	journal={Intermolecular and Surface Forces},
	pages={91--106},
	year={2011},
	publisher={Academic Press San Diego}
}

@article{YingL,
	title={Several theoretical perspectives of ferrite-based materialsâ€”Part 1: transmission line theory and microwave absorption},
	author={Liu, Ying and Tai, Rui and Drew, Michael GB and Liu, Yue},
	journal={Journal of Superconductivity and Novel Magnetism},
	volume={30},
	number={9},
	pages={2489--2504},
	year={2017},
	publisher={Springer}
}

@article{korablev2018calculations,
	title={Calculations of activation energy of diffusion and self-diffusion},
	author={Korablev, G},
	journal={European Chemical Bulletin},
	volume={7},
	number={1},
	pages={23--29},
	year={2018}
}

@article{LNO,
	title={Electromagnetic wave absorption and dielectric-modulation of metallic perovskite lanthanum nickel oxide},
	author={Jiang, JJ and Li, D and Li, SJ and Wang, ZH and Wang, Y and He, J and Liu, W and Zhang, ZD},
	journal={RSC Advances},
	volume={5},
	number={19},
	pages={14584--14591},
	year={2015},
	publisher={Royal Society of Chemistry}
}

@article{Hitoshi,
	title={Microwave Dielectrics with Perovskite-Type Structure},
	author={Hitoshi Ohsato},
	booktitle={perovskite-materials-synthesis-characterisation-properties-and-applications}
	chaptet={5},
	
	year={2016},
	publisher={Intech Open}
}
@article{HEO,
	title={High-entropy oxides: fundamental aspects and electrochemical properties},
	author={Sarkar, Abhishek and Wang, Qingsong and Schiele, Alexander and Chellali, Mohammed Reda and Bhattacharya, Subramshu S and Wang, Di and Brezesinski, Torsten and Hahn, Horst and Velasco, Leonardo and Breitung, Ben},
	journal={Advanced Materials},
	volume={31},
	number={26},
	pages={1806236},
	year={2019},
	publisher={Wiley Online Library}
}
@article{HexaF,
	title={Structural, infrared, magnetic and microwave absorption properties of rare earth doped X-type hexagonal nanoferrites},
	author={Sadiq, Imran and Khan, Imran and Rebrov, Evgeny V and Ashiq, Muhammad Naeem and Naseem, Shahzad and Rana, MU},
	journal={Journal of alloys and compounds},
	volume={570},
	pages={7--13},
	year={2013},
	publisher={Elsevier}
	
	
}
@article{yunas2017magnetic,
	title={Magnetic and microwave absorption properties of nickel ferrite (NixFe3-xO4) by HEM technique},
	author={Yunas, Yunasfi and Adi, Wisnu Ari and Mashadi, Mashadi and Rahmy, Putri Astari},
	journal={Malaysian Journal of Fundamental and Applied Sciences},
	volume={13},
	number={3},
	pages={203--206},
	year={2017}
}
@inproceedings{LaMn,
	title={Microwave absorption properties of La0. 8Ca0. 2-xAgxMnO3 (x= 0.05; x= 0.15) synthesized by sol-gel method},
	author={Kurniawan, Budhy and Laksmi, W and Sahara, NA},
	booktitle={Journal of Physics: Conference Series},
	volume={1011},
	number={1},
	pages={012008},
	year={2018},
	organization={IOP Publishing}
}
@article{Ferrite,
	title={The initial susceptibility of ferrites: A quantitative theory},
	author={Bouchaud, JP and Zerah, PG},
	journal={Journal of applied physics},
	volume={67},
	number={9},
	pages={5512--5514},
	year={1990},
	publisher={American Institute of Physics}
}

@article{luo2017excellent,
	title={Excellent microwave absorption properties by tuned electromagnetic parameters in polyaniline-coated Ba 0.9 La 0.1 Fe 11.9 Ni 0.1 O 19/reduced graphene oxide nanocomposites},
	author={Luo, Juhua and Zuo, Yue and Shen, Pan and Yan, Zhu and Zhang, Kang},
	journal={RSC Advances},
	volume={7},
	number={58},
	pages={36433--36443},
	year={2017},
	publisher={Royal Society of Chemistry}
}
@article{ghosh2002theoretical,
	title={Theoretical calculation of absolute radii of atoms and ions. Part 1. The atomic radii},
	author={Ghosh, Dulal C and Biswas, Raka},
	journal={International Journal of Molecular Sciences},
	volume={3},
	number={2},
	pages={87--113},
	year={2002},
	publisher={Molecular Diversity Preservation International}
}

@article{mchenry2002magnetic,
	title={Magnetic moment and magnetization},
	author={McHenry, Michael E and Laughlin, David E},
	journal={Characterization of materials},
	pages={1--25},
	year={2002},
	publisher={Wiley Online Library}
}
@book{langer2007modern,
	title={Modern coordination chemistry: the legacy of Joseph Chatt},
	author={Langer, Stanley S and Chatt, E and Heaton, Brian T and Mingos, D Mike P and Dilworth, Jon R and Garner, C David and Frenking, G and Richards, RL and Gamlen, GA and Lewis, Jack and others},
	pages={400--454}
	year={2007},
	publisher={Royal Society of Chemistry}
}
@article{ZrSn,
	title={Chemical processing and microwave characteristics of (Zr, Sn) TiO4 microwave dielectrics},
	author={Hirano, Shin-ichi and Hayashi, Takashi and Hattori, Akiyoshi},
	journal={Journal of the American Ceramic Society},
	volume={74},
	pages={1320--1324},
	year={1991},
	publisher={Wiley Online Library}
}
@article{booke,
	title={Electrostatics of Dielectric Materials},
	bookTitle={Basic Electromagnetism and Materials},
	year={2007},
	publisher={Springer New York},
	pages={39--87},
	isbn={978-0-387-49368-8},
	doi={10.1007/978-0-387-49368-8_2},
	url={https://doi.org/10.1007/978-0-387-49368-8_2}
}
@article{JaiS,
	title={Electronic polarizabilities of ions in transition metal oxides},
	author={Jai Shankar ,H.P. Sharma, B.R.K Gupta},
	journal={Solid State Communications},
	volume={21},
	number={4},
	pages={359-361},
	year={1977},
	publisher={Elsevier}
}

@article{AlphaP,
	title={Efficient Structure Resonance Energy Transfer from Microwaves to Confined Acoustic Vibrations in Viruses},
	author={Yang, SC, Lin, HC, Liu, TM, Lu, JT, Hung, WT et al.},
	journal={Scientific reports},
	volume={5},
	number={18030},
	year={2015},
	publisher={NCBI USA},
	url= {https://doi.org/10.1038/srep18030}
}

@article{polar,
	title={A systemized parameter set applicable to microwave absorption
	for ferrite based materials},
	author={Ying Liu , Hong Yu, Michael G. B. Drew, Yue Liu},
	journal={J. Material Science},
	volume={29},
	year={2019},
	pages={1562-1575},
	publisher={Springer Science},
	doi= {10.1007/s10854-017-8066-0}
}

@article{clementi1963atomic,
	title={Atomic screening constants from SCF functions},
	author={Clementi, E t and Raimondi, D-L\_},
	journal={The Journal of Chemical Physics},
	volume={38},
	number={11},
	pages={2686--2689},
	year={1963},
	publisher={American Institute of Physics}
}
@article{r1,
  title={Review of electromagnetic interference shielding materials fabricated by iron ingredients},
  author={Shukla, Vineeta},
  journal={Nanoscale Advances},
  volume={1},
  number={5},
  pages={1640--1671},
  year={2019},
  publisher={Royal Society of Chemistry}
}
@article{r2,
	title={Electronic ion polarizability, optical basicity and metal (or nonmetal) binding energy of simple oxides},
	author={Dimitrov, Vesselin and Komatsu, Takayuki},
	journal={Journal of the Ceramic Society of Japan},
	volume={107},
	number={1250},
	pages={879--886},
	year={1999},
	publisher={The Ceramic Society of Japan}
}
@article{r3,
  title={A theoretical and practical clarification on the calculation of reflection loss for microwave absorbing materials},
  author={Liu, Ying and Zhao, Kun and Drew, Michael GB and Liu, Yue},
  journal={AIP Advances},
  volume={8},
  number={1},
  pages={015223},
  year={2018},
  publisher={AIP Publishing LLC}
}

@article{r4,
  title={Bandwidth, Q factor, and resonance models of antennas},
  author={Gustafsson, Mats and Nordebo, Sven},
  journal={Progress in Electromagnetics Research},
  volume={62},
  pages={1--20},
  year={2006},
  publisher={EMW Publishing}
}

@article{r5,
  title={Frequency Response: Resonance, Bandwidth, Q Factor},
  author={Cory, David and Manos, C},
  journal={URL https://ocw. mit. edu/courses/electrical-engineering-and-computer-science/6-071j-introduction-to-electronics-signals-and-measurement-spring-2006/lecture-notes/resonance $\{$\_$\}$ qfactr. pdf},
  year={2006}
}

@book{r6,
  title={Electronic circuits: fundamentals and applications},
  author={Tooley, Mike},
  year={2019},
  publisher={Routledge},
  pages={77--78}
}

@misc{r7,
  author ={Ian Poole},
  title ={Quality Factor / Q Factor; formulas and equations},
  year={2016},
  note={Accessed on :Dec. 15 2019},
  howpublished ={Online},
  url={https://www.electronics-notes.com/articles/basic_concepts/q-quality-factor/basics-tutorial-formula.php}
}
@book{r8,
	author = {Adi, Wisnu and Yunasfi, Yunasfi and Mashadi, Mashadi and Winatapura, Didin and Mulyawan, Ade and Sarwanto, Yosef and Gunanto, Yohanes and Taryana, Yana},
	title = {Metamaterial: Smart Magnetic Material for Microwave Absorbing Material},
	year = {2019},
	month = {02},
    doi = {10.5772/intechopen.84471}
}
@article{r9,
	title={Empirical electronic polarizabilities in oxides, hydroxides, oxyfluorides, and oxychlorides},
	author={Shannon, Robert D and Fischer, Reinhard X},
	journal={Physical Review B},
	volume={73},
	number={23},
	pages={235111},
	year={2006},
	publisher={APS}
}
@article{r10,
	title={Polarizability and optical basicity of Er3+ ions doped tellurite based glasses},
	author={Azlan, MN and Halimah, MK and Shafinas, SZ and Daud, WM},
	journal={Chalcogenide Lett},
	volume={11},
	number={7},
	pages={319--335},
	year={2014}
}
@article{r11,
	title={The Estimation of the Oxide Ion Polarizability for B 2 O 3-Li 2 O-Mo Glass System},
	author={Moustafa, El-Sayed and Elkhateb, Farid},
	journal={American Journal of Applied Sciences},
	volume={9},
	number={3},
	pages={446},
	year={2012}
}
@article{r12,
	title={Interactions involving the polarization of molecules},
	author={Israelachvili, JN},
	journal={Intermolecular and Surface Forces},
	pages={91--106},
	year={2011},
	publisher={Academic Press San Diego}
}

@article{r13,
	title={Several theoretical perspectives of ferrite-based materialsâ€”Part 1: transmission line theory and microwave absorption},
	author={Liu, Ying and Tai, Rui and Drew, Michael GB and Liu, Yue},
	journal={Journal of Superconductivity and Novel Magnetism},
	volume={30},
	number={9},
	pages={2489--2504},
	year={2017},
	publisher={Springer}
}

@article{r14,
	title={Electromagnetic wave absorption and dielectric-modulation of metallic perovskite lanthanum nickel oxide},
	author={Jiang, JJ and Li, D and Li, SJ and Wang, ZH and Wang, Y and He, J and Liu, W and Zhang, ZD},
	journal={RSC Advances},
	volume={5},
	number={19},
	pages={14584--14591},
	year={2015},
	publisher={Royal Society of Chemistry}
}

@article{r15,
	title={Microwave Dielectrics with Perovskite-Type Structure},
	author={Hitoshi Ohsato},
	booktitle={perovskite-materials-synthesis-characterisation-properties-and-applications},
	chapter={5},
	year={2016},
	publisher={Intech Open}
}
@article{r16,
	title={High-entropy oxides: fundamental aspects and electrochemical properties},
	author={Sarkar, Abhishek and Wang, Qingsong and Schiele, Alexander and Chellali, Mohammed Reda and Bhattacharya, Subramshu S and Wang, Di and Brezesinski, Torsten and Hahn, Horst and Velasco, Leonardo and Breitung, Ben},
	journal={Advanced Materials},
	volume={31},
	number={26},
	pages={1806236},
	year={2019},
	publisher={Wiley Online Library}
}
@article{r17,
	title={Structural, infrared, magnetic and microwave absorption properties of rare earth doped X-type hexagonal nanoferrites},
	author={Sadiq, Imran and Khan, Imran and Rebrov, Evgeny V and Ashiq, Muhammad Naeem and Naseem, Shahzad and Rana, MU},
	journal={Journal of alloys and compounds},
	volume={570},
	pages={7--13},
	year={2013},
	publisher={Elsevier}


}
@inproceedings{r18,
	title={Microwave absorption properties of La0. 8Ca0. 2-xAgxMnO3 (x= 0.05; x= 0.15) synthesized by sol-gel method},
	author={Kurniawan, Budhy and Laksmi, W and Sahara, NA},
	booktitle={Journal of Physics: Conference Series},
	volume={1011},
	number={1},
	pages={012008},
	year={2018},
	organization={IOP Publishing}
}
@article{r19,
	title={The initial susceptibility of ferrites: A quantitative theory},
	author={Bouchaud, JP and Zerah, PG},
	journal={Journal of applied physics},
	volume={67},
	number={9},
	pages={5512--5514},
	year={1990},
	publisher={American Institute of Physics}
}
@article{r20,
	title={Effect of interionic interaction on the electronic polarizability, optical basicity and binding energy of simple oxides},
	author={Dimitrov, Vesselin and Komatsu, Takayuki},
	journal={Journal of the Ceramic Society of Japan},
	volume={107},
	number={1251},
	pages={1012--1018},
	year={1999},
	publisher={The Ceramic Society of Japan}
}

@article{r21,
	title={Chemical processing and microwave characteristics of (Zr, Sn) TiO4 microwave dielectrics},
	author={Hirano, Shin-ichi and Hayashi, Takashi and Hattori, Akiyoshi},
	journal={Journal of the American Ceramic Society},
	volume={74},
	pages={1320--1324},
	year={1991},
	publisher={Wiley Online Library}
}
@article{booke,
	title={Electrostatics of Dielectric Materials},
	bookTitle={Basic Electromagnetism and Materials},
	year={2007},
	publisher={Springer New York},
	pages={39--87},
	isbn={978-0-387-49368-8},
	doi={10.1007/978-0-387-49368-8_2},
	url={https://doi.org/10.1007/978-0-387-49368-8_2}
}
@article{r22,
	title={Electronic polarizabilities of ions in transition metal oxides},
	author={Jai Shankar ,H.P. Sharma, B.R.K Gupta},
	journal={Solid State Communications},
	volume={21},
	number={4},
	pages={359-361},
	year={1977},
	publisher={Elsevier}
}

@article{r23,
	title={Efficient Structure Resonance Energy Transfer from Microwaves to Confined Acoustic Vibrations in Viruses},
	author={Yang, S. C., Lin, H. C., Liu, T. M., Lu, J. T., Hung, W. T., Huang, Y. R., Tsai, Y. C., Kao, C. L., Chen, S. Y., & Sun, C. K.},
	journal={Scientific reports},
	volume={5},
	number={18030},
	year={2015},
	publisher={NCBI USA},
	 url={ https://doi.org/10.1038/srep18030}
}


